%YAML 1.1
%TAG !u! tag:unity3d.com,2011:
--- !u!1 &91317709
GameObject:
  m_ObjectHideFlags: 0
  m_CorrespondingSourceObject: {fileID: 0}
  m_PrefabInstance: {fileID: 0}
  m_PrefabAsset: {fileID: 0}
  serializedVersion: 6
  m_Component:
  - component: {fileID: 91317710}
  - component: {fileID: 91317713}
  - component: {fileID: 91317712}
  - component: {fileID: 91317711}
  m_Layer: 8
  m_Name: Plane (1)
  m_TagString: Untagged
  m_Icon: {fileID: 0}
  m_NavMeshLayer: 0
  m_StaticEditorFlags: 0
  m_IsActive: 1
--- !u!4 &91317710
Transform:
  m_ObjectHideFlags: 0
  m_CorrespondingSourceObject: {fileID: 0}
  m_PrefabInstance: {fileID: 0}
  m_PrefabAsset: {fileID: 0}
  m_GameObject: {fileID: 91317709}
  m_LocalRotation: {x: -0, y: -0, z: -0.21918847, w: 0.97568256}
  m_LocalPosition: {x: 0.13270019, y: 0.2507, z: -0.0025000125}
  m_LocalScale: {x: 0.0042449306, y: 0.0042449306, z: 0.0042449306}
  m_Children: []
  m_Father: {fileID: 558396167660979400}
  m_RootOrder: 0
  m_LocalEulerAnglesHint: {x: 0, y: 0, z: -25.323002}
--- !u!33 &91317713
MeshFilter:
  m_ObjectHideFlags: 0
  m_CorrespondingSourceObject: {fileID: 0}
  m_PrefabInstance: {fileID: 0}
  m_PrefabAsset: {fileID: 0}
  m_GameObject: {fileID: 91317709}
  m_Mesh: {fileID: 10209, guid: 0000000000000000e000000000000000, type: 0}
--- !u!23 &91317712
MeshRenderer:
  m_ObjectHideFlags: 0
  m_CorrespondingSourceObject: {fileID: 0}
  m_PrefabInstance: {fileID: 0}
  m_PrefabAsset: {fileID: 0}
  m_GameObject: {fileID: 91317709}
  m_Enabled: 1
  m_CastShadows: 1
  m_ReceiveShadows: 1
  m_DynamicOccludee: 1
  m_MotionVectors: 1
  m_LightProbeUsage: 1
  m_ReflectionProbeUsage: 1
  m_RayTracingMode: 2
  m_RenderingLayerMask: 1
  m_RendererPriority: 0
  m_Materials:
  - {fileID: 2100000, guid: b18a6d1ce19ad8f4cb163ca6690afcb9, type: 2}
  m_StaticBatchInfo:
    firstSubMesh: 0
    subMeshCount: 0
  m_StaticBatchRoot: {fileID: 0}
  m_ProbeAnchor: {fileID: 0}
  m_LightProbeVolumeOverride: {fileID: 0}
  m_ScaleInLightmap: 1
  m_ReceiveGI: 1
  m_PreserveUVs: 0
  m_IgnoreNormalsForChartDetection: 0
  m_ImportantGI: 0
  m_StitchLightmapSeams: 1
  m_SelectedEditorRenderState: 3
  m_MinimumChartSize: 4
  m_AutoUVMaxDistance: 0.5
  m_AutoUVMaxAngle: 89
  m_LightmapParameters: {fileID: 0}
  m_SortingLayerID: 0
  m_SortingLayer: 0
  m_SortingOrder: 0
--- !u!64 &91317711
MeshCollider:
  m_ObjectHideFlags: 0
  m_CorrespondingSourceObject: {fileID: 0}
  m_PrefabInstance: {fileID: 0}
  m_PrefabAsset: {fileID: 0}
  m_GameObject: {fileID: 91317709}
  m_Material: {fileID: 0}
  m_IsTrigger: 0
  m_Enabled: 1
  serializedVersion: 4
  m_Convex: 0
  m_CookingOptions: 30
  m_Mesh: {fileID: 10209, guid: 0000000000000000e000000000000000, type: 0}
--- !u!1 &546424978
GameObject:
  m_ObjectHideFlags: 0
  m_CorrespondingSourceObject: {fileID: 0}
  m_PrefabInstance: {fileID: 0}
  m_PrefabAsset: {fileID: 0}
  serializedVersion: 6
  m_Component:
  - component: {fileID: 546424979}
  - component: {fileID: 546424982}
  - component: {fileID: 546424981}
  - component: {fileID: 546424980}
  m_Layer: 8
  m_Name: Plane (2)
  m_TagString: Untagged
  m_Icon: {fileID: 0}
  m_NavMeshLayer: 0
  m_StaticEditorFlags: 0
  m_IsActive: 1
--- !u!4 &546424979
Transform:
  m_ObjectHideFlags: 0
  m_CorrespondingSourceObject: {fileID: 0}
  m_PrefabInstance: {fileID: 0}
  m_PrefabAsset: {fileID: 0}
  m_GameObject: {fileID: 546424978}
  m_LocalRotation: {x: -0, y: -0, z: 0.97568196, w: 0.21919137}
  m_LocalPosition: {x: 0.121944, y: 0.231, z: -0.000044}
  m_LocalScale: {x: 0.004060378, y: 0.0038204375, z: 0.0040971534}
  m_Children: []
  m_Father: {fileID: 558396167660979400}
  m_RootOrder: 1
  m_LocalEulerAnglesHint: {x: 0, y: 0, z: 154.677}
--- !u!33 &546424982
MeshFilter:
  m_ObjectHideFlags: 0
  m_CorrespondingSourceObject: {fileID: 0}
  m_PrefabInstance: {fileID: 0}
  m_PrefabAsset: {fileID: 0}
  m_GameObject: {fileID: 546424978}
  m_Mesh: {fileID: 10209, guid: 0000000000000000e000000000000000, type: 0}
--- !u!23 &546424981
MeshRenderer:
  m_ObjectHideFlags: 0
  m_CorrespondingSourceObject: {fileID: 0}
  m_PrefabInstance: {fileID: 0}
  m_PrefabAsset: {fileID: 0}
  m_GameObject: {fileID: 546424978}
  m_Enabled: 1
  m_CastShadows: 1
  m_ReceiveShadows: 1
  m_DynamicOccludee: 1
  m_MotionVectors: 1
  m_LightProbeUsage: 1
  m_ReflectionProbeUsage: 1
  m_RayTracingMode: 2
  m_RenderingLayerMask: 1
  m_RendererPriority: 0
  m_Materials:
  - {fileID: 2100000, guid: b18a6d1ce19ad8f4cb163ca6690afcb9, type: 2}
  m_StaticBatchInfo:
    firstSubMesh: 0
    subMeshCount: 0
  m_StaticBatchRoot: {fileID: 0}
  m_ProbeAnchor: {fileID: 0}
  m_LightProbeVolumeOverride: {fileID: 0}
  m_ScaleInLightmap: 1
  m_ReceiveGI: 1
  m_PreserveUVs: 0
  m_IgnoreNormalsForChartDetection: 0
  m_ImportantGI: 0
  m_StitchLightmapSeams: 1
  m_SelectedEditorRenderState: 3
  m_MinimumChartSize: 4
  m_AutoUVMaxDistance: 0.5
  m_AutoUVMaxAngle: 89
  m_LightmapParameters: {fileID: 0}
  m_SortingLayerID: 0
  m_SortingLayer: 0
  m_SortingOrder: 0
--- !u!64 &546424980
MeshCollider:
  m_ObjectHideFlags: 0
  m_CorrespondingSourceObject: {fileID: 0}
  m_PrefabInstance: {fileID: 0}
  m_PrefabAsset: {fileID: 0}
  m_GameObject: {fileID: 546424978}
  m_Material: {fileID: 0}
  m_IsTrigger: 0
  m_Enabled: 1
  serializedVersion: 4
  m_Convex: 0
  m_CookingOptions: 30
  m_Mesh: {fileID: 10209, guid: 0000000000000000e000000000000000, type: 0}
--- !u!1 &933374285805723250
GameObject:
  m_ObjectHideFlags: 0
  m_CorrespondingSourceObject: {fileID: 0}
  m_PrefabInstance: {fileID: 0}
  m_PrefabAsset: {fileID: 0}
  serializedVersion: 6
  m_Component:
  - component: {fileID: 558396167660979400}
  - component: {fileID: 3463278895549139821}
  - component: {fileID: 1726284415333613479}
  m_Layer: 0
  m_Name: SUSPENSION SR SUNTOUR AXON RIN 29
  m_TagString: Component
  m_Icon: {fileID: 0}
  m_NavMeshLayer: 0
  m_StaticEditorFlags: 0
  m_IsActive: 1
--- !u!4 &558396167660979400
Transform:
  m_ObjectHideFlags: 0
  m_CorrespondingSourceObject: {fileID: 0}
  m_PrefabInstance: {fileID: 0}
  m_PrefabAsset: {fileID: 0}
  m_GameObject: {fileID: 933374285805723250}
  m_LocalRotation: {x: 0, y: 0, z: 0, w: 1}
  m_LocalPosition: {x: 0, y: 0, z: 0}
  m_LocalScale: {x: 1, y: 1, z: 1}
  m_Children:
  - {fileID: 91317710}
  - {fileID: 546424979}
  - {fileID: 5248850569731689944}
  - {fileID: 3410876953944414562}
  m_Father: {fileID: 0}
  m_RootOrder: 0
  m_LocalEulerAnglesHint: {x: 0, y: 0, z: 0}
--- !u!33 &3463278895549139821
MeshFilter:
  m_ObjectHideFlags: 0
  m_CorrespondingSourceObject: {fileID: 0}
  m_PrefabInstance: {fileID: 0}
  m_PrefabAsset: {fileID: 0}
  m_GameObject: {fileID: 933374285805723250}
  m_Mesh: {fileID: -2913106500403856830, guid: dd52f9ff4747cde46a0d1e83991a69ad, type: 3}
--- !u!23 &1726284415333613479
MeshRenderer:
  m_ObjectHideFlags: 0
  m_CorrespondingSourceObject: {fileID: 0}
  m_PrefabInstance: {fileID: 0}
  m_PrefabAsset: {fileID: 0}
  m_GameObject: {fileID: 933374285805723250}
  m_Enabled: 1
  m_CastShadows: 1
  m_ReceiveShadows: 1
  m_DynamicOccludee: 1
  m_MotionVectors: 1
  m_LightProbeUsage: 1
  m_ReflectionProbeUsage: 1
  m_RayTracingMode: 2
  m_RenderingLayerMask: 1
  m_RendererPriority: 0
  m_Materials:
  - {fileID: 2100000, guid: 74aefb92bf23a0e4faa0af571ab2cf15, type: 2}
  - {fileID: 2100000, guid: a46cb54c65b4ff54582e1fe9ac23b270, type: 2}
  - {fileID: 2100000, guid: 919a227e91a2ee84392ebd936bdc94ef, type: 2}
  - {fileID: 2100000, guid: ee64a94a2c69d1c428a5ed6c29734cef, type: 2}
  m_StaticBatchInfo:
    firstSubMesh: 0
    subMeshCount: 0
  m_StaticBatchRoot: {fileID: 0}
  m_ProbeAnchor: {fileID: 0}
  m_LightProbeVolumeOverride: {fileID: 0}
  m_ScaleInLightmap: 1
  m_ReceiveGI: 1
  m_PreserveUVs: 0
  m_IgnoreNormalsForChartDetection: 0
  m_ImportantGI: 0
  m_StitchLightmapSeams: 1
  m_SelectedEditorRenderState: 3
  m_MinimumChartSize: 4
  m_AutoUVMaxDistance: 0.5
  m_AutoUVMaxAngle: 89
  m_LightmapParameters: {fileID: 0}
  m_SortingLayerID: 0
  m_SortingLayer: 0
  m_SortingOrder: 0
--- !u!1001 &2945187004273475209
PrefabInstance:
  m_ObjectHideFlags: 0
  serializedVersion: 2
  m_Modification:
    m_TransformParent: {fileID: 558396167660979400}
    m_Modifications:
    - target: {fileID: -8679921383154817045, guid: 45f3d88bce7c552448042229c46afb5b,
        type: 3}
      propertyPath: m_LocalPosition.x
      value: 0.1672
      objectReference: {fileID: 0}
    - target: {fileID: -8679921383154817045, guid: 45f3d88bce7c552448042229c46afb5b,
        type: 3}
      propertyPath: m_LocalPosition.y
      value: 0.3217
      objectReference: {fileID: 0}
    - target: {fileID: -8679921383154817045, guid: 45f3d88bce7c552448042229c46afb5b,
        type: 3}
      propertyPath: m_LocalPosition.z
      value: -0.001
      objectReference: {fileID: 0}
    - target: {fileID: -8679921383154817045, guid: 45f3d88bce7c552448042229c46afb5b,
        type: 3}
      propertyPath: m_LocalRotation.x
      value: 0.0010577962
      objectReference: {fileID: 0}
    - target: {fileID: -8679921383154817045, guid: 45f3d88bce7c552448042229c46afb5b,
        type: 3}
      propertyPath: m_LocalRotation.y
      value: 0.003450036
      objectReference: {fileID: 0}
    - target: {fileID: -8679921383154817045, guid: 45f3d88bce7c552448042229c46afb5b,
        type: 3}
      propertyPath: m_LocalRotation.z
      value: -0.21095064
      objectReference: {fileID: 0}
    - target: {fileID: -8679921383154817045, guid: 45f3d88bce7c552448042229c46afb5b,
        type: 3}
      propertyPath: m_LocalRotation.w
      value: 0.9774901
      objectReference: {fileID: 0}
    - target: {fileID: -8679921383154817045, guid: 45f3d88bce7c552448042229c46afb5b,
        type: 3}
      propertyPath: m_RootOrder
      value: 3
      objectReference: {fileID: 0}
    - target: {fileID: -8679921383154817045, guid: 45f3d88bce7c552448042229c46afb5b,
        type: 3}
      propertyPath: m_LocalEulerAnglesHint.x
      value: 0.202
      objectReference: {fileID: 0}
    - target: {fileID: -8679921383154817045, guid: 45f3d88bce7c552448042229c46afb5b,
        type: 3}
      propertyPath: m_LocalEulerAnglesHint.y
      value: 0.36100003
      objectReference: {fileID: 0}
    - target: {fileID: -8679921383154817045, guid: 45f3d88bce7c552448042229c46afb5b,
        type: 3}
      propertyPath: m_LocalEulerAnglesHint.z
      value: -24.356
      objectReference: {fileID: 0}
    - target: {fileID: 919132149155446097, guid: 45f3d88bce7c552448042229c46afb5b,
        type: 3}
      propertyPath: m_Name
      value: Tubo1Ruta (1)
      objectReference: {fileID: 0}
    - target: {fileID: 919132149155446097, guid: 45f3d88bce7c552448042229c46afb5b,
        type: 3}
      propertyPath: m_Layer
      value: 8
      objectReference: {fileID: 0}
    m_RemovedComponents: []
  m_SourcePrefab: {fileID: 100100000, guid: 45f3d88bce7c552448042229c46afb5b, type: 3}
--- !u!4 &3410876953944414562 stripped
Transform:
  m_CorrespondingSourceObject: {fileID: -8679921383154817045, guid: 45f3d88bce7c552448042229c46afb5b,
    type: 3}
  m_PrefabInstance: {fileID: 2945187004273475209}
  m_PrefabAsset: {fileID: 0}
--- !u!1001 &5718745475319573043
PrefabInstance:
  m_ObjectHideFlags: 0
  serializedVersion: 2
  m_Modification:
    m_TransformParent: {fileID: 558396167660979400}
    m_Modifications:
    - target: {fileID: -8679921383154817045, guid: a0175b013a34b7c43884d021574e14d0,
        type: 3}
      propertyPath: m_LocalPosition.x
      value: 0.0875
      objectReference: {fileID: 0}
    - target: {fileID: -8679921383154817045, guid: a0175b013a34b7c43884d021574e14d0,
        type: 3}
      propertyPath: m_LocalPosition.y
      value: 0.34769988
      objectReference: {fileID: 0}
    - target: {fileID: -8679921383154817045, guid: a0175b013a34b7c43884d021574e14d0,
        type: 3}
      propertyPath: m_LocalPosition.z
      value: 0.0228
      objectReference: {fileID: 0}
    - target: {fileID: -8679921383154817045, guid: a0175b013a34b7c43884d021574e14d0,
        type: 3}
      propertyPath: m_LocalRotation.x
      value: -0.09925842
      objectReference: {fileID: 0}
    - target: {fileID: -8679921383154817045, guid: a0175b013a34b7c43884d021574e14d0,
        type: 3}
      propertyPath: m_LocalRotation.y
      value: -0.56636596
      objectReference: {fileID: 0}
    - target: {fileID: -8679921383154817045, guid: a0175b013a34b7c43884d021574e14d0,
        type: 3}
      propertyPath: m_LocalRotation.z
      value: -0.1412331
      objectReference: {fileID: 0}
    - target: {fileID: -8679921383154817045, guid: a0175b013a34b7c43884d021574e14d0,
        type: 3}
      propertyPath: m_LocalRotation.w
      value: 0.8058727
      objectReference: {fileID: 0}
    - target: {fileID: -8679921383154817045, guid: a0175b013a34b7c43884d021574e14d0,
        type: 3}
      propertyPath: m_RootOrder
      value: 2
      objectReference: {fileID: 0}
    - target: {fileID: -8679921383154817045, guid: a0175b013a34b7c43884d021574e14d0,
        type: 3}
      propertyPath: m_LocalEulerAnglesHint.x
      value: -18.660002
      objectReference: {fileID: 0}
    - target: {fileID: -8679921383154817045, guid: a0175b013a34b7c43884d021574e14d0,
        type: 3}
      propertyPath: m_LocalEulerAnglesHint.y
      value: -69.05
      objectReference: {fileID: 0}
    - target: {fileID: -8679921383154817045, guid: a0175b013a34b7c43884d021574e14d0,
        type: 3}
      propertyPath: m_LocalEulerAnglesHint.z
      value: -6.984
      objectReference: {fileID: 0}
    - target: {fileID: -8679921383154817045, guid: a0175b013a34b7c43884d021574e14d0,
        type: 3}
      propertyPath: m_LocalScale.x
      value: 2
      objectReference: {fileID: 0}
    - target: {fileID: -8679921383154817045, guid: a0175b013a34b7c43884d021574e14d0,
        type: 3}
      propertyPath: m_LocalScale.y
      value: 2
      objectReference: {fileID: 0}
    - target: {fileID: -8679921383154817045, guid: a0175b013a34b7c43884d021574e14d0,
        type: 3}
      propertyPath: m_LocalScale.z
      value: 2
      objectReference: {fileID: 0}
    - target: {fileID: 919132149155446097, guid: a0175b013a34b7c43884d021574e14d0,
        type: 3}
      propertyPath: m_Name
      value: Lock 1 (1)
      objectReference: {fileID: 0}
    - target: {fileID: 919132149155446097, guid: a0175b013a34b7c43884d021574e14d0,
        type: 3}
      propertyPath: m_Layer
      value: 8
      objectReference: {fileID: 0}
    m_RemovedComponents: []
  m_SourcePrefab: {fileID: 100100000, guid: a0175b013a34b7c43884d021574e14d0, type: 3}
--- !u!4 &5248850569731689944 stripped
Transform:
  m_CorrespondingSourceObject: {fileID: -8679921383154817045, guid: a0175b013a34b7c43884d021574e14d0,
    type: 3}
  m_PrefabInstance: {fileID: 5718745475319573043}
  m_PrefabAsset: {fileID: 0}
